<record>
  <leader>01908cam a2200469 a 4500</leader>
  <controlfield tag="005">20220609191957.0</controlfield>
  <controlfield tag="008">890224t19891989nyua          001 0 eng  </controlfield>
  <controlfield tag="001">9910148543503681</controlfield>
  <datafield tag="010" ind1=" " ind2=" ">
    <subfield code="a">   88029825 </subfield>
  </datafield>
  <datafield tag="035" ind1=" " ind2=" ">
    <subfield code="a">(OCoLC)ocm18521155</subfield>
  </datafield>
  <datafield tag="035" ind1=" " ind2=" ">
    <subfield code="a">(OCoLC)18521155</subfield>
  </datafield>
  <datafield tag="035" ind1=" " ind2=" ">
    <subfield code="a">(CStRLIN)PAUG89-B7246</subfield>
  </datafield>
  <datafield tag="035" ind1=" " ind2=" ">
    <subfield code="a">(CaOTULAS)185188489</subfield>
  </datafield>
  <datafield tag="035" ind1=" " ind2=" ">
    <subfield code="9">AHA6856</subfield>
  </datafield>
  <datafield tag="035" ind1=" " ind2=" ">
    <subfield code="a">1014854</subfield>
  </datafield>
  <datafield tag="035" ind1=" " ind2=" ">
    <subfield code="a">(PU)1014854-penndb-Voyager</subfield>
  </datafield>
  <datafield tag="040" ind1=" " ind2=" ">
    <subfield code="b">eng</subfield>
    <subfield code="d">CSt-B</subfield>
  </datafield>
  <datafield tag="043" ind1=" " ind2=" ">
    <subfield code="a">n-us---</subfield>
  </datafield>
  <datafield tag="050" ind1="0" ind2=" ">
    <subfield code="a">KF6450</subfield>
    <subfield code="b">.C59 1989</subfield>
  </datafield>
  <datafield tag="082" ind1="0" ind2=" ">
    <subfield code="a">343.7306/8</subfield>
    <subfield code="a">347.30368</subfield>
    <subfield code="2">19</subfield>
  </datafield>
  <datafield tag="090" ind1=" " ind2=" ">
    <subfield code="a">KF6450</subfield>
    <subfield code="b">.C59 1989</subfield>
    <subfield code="i">11/30/89 CTZ</subfield>
  </datafield>
  <datafield tag="245" ind1="0" ind2="4">
    <subfield code="a">The Coopers &amp; Lybrand guide to business tax strategies and planning /</subfield>
    <subfield code="c">by the partners of Coopers &amp; Lybrand.</subfield>
  </datafield>
  <datafield tag="264" ind1=" " ind2="1">
    <subfield code="a">New York :</subfield>
    <subfield code="b">Simon and Schuster,</subfield>
    <subfield code="c">[1989]</subfield>
  </datafield>
  <datafield tag="264" ind1=" " ind2="4">
    <subfield code="c">©1989</subfield>
  </datafield>
  <datafield tag="300" ind1=" " ind2=" ">
    <subfield code="a">x, 198 pages :</subfield>
    <subfield code="b">illustrations ;</subfield>
    <subfield code="c">24 cm</subfield>
  </datafield>
  <datafield tag="336" ind1=" " ind2=" ">
    <subfield code="a">text</subfield>
    <subfield code="b">txt</subfield>
    <subfield code="2">rdacontent</subfield>
  </datafield>
  <datafield tag="337" ind1=" " ind2=" ">
    <subfield code="a">unmediated</subfield>
    <subfield code="b">n</subfield>
    <subfield code="2">rdamedia</subfield>
  </datafield>
  <datafield tag="338" ind1=" " ind2=" ">
    <subfield code="a">volume</subfield>
    <subfield code="b">nc</subfield>
    <subfield code="2">rdacarrier</subfield>
  </datafield>
  <datafield tag="500" ind1=" " ind2=" ">
    <subfield code="a">Edited by Jonathan J. Davies and others.</subfield>
  </datafield>
  <datafield tag="650" ind1=" " ind2="0">
    <subfield code="a">Business enterprises</subfield>
    <subfield code="x">Taxation</subfield>
    <subfield code="z">United States.</subfield>
    <subfield code="0">http://id.loc.gov/authorities/subjects/sh2009118044</subfield>
  </datafield>
  <datafield tag="650" ind1=" " ind2="7">
    <subfield code="a">Business enterprises</subfield>
    <subfield code="x">Taxation.</subfield>
    <subfield code="2">fast</subfield>
    <subfield code="0">http://id.worldcat.org/fast/842634</subfield>
  </datafield>
  <datafield tag="651" ind1=" " ind2="7">
    <subfield code="a">United States.</subfield>
    <subfield code="2">fast</subfield>
    <subfield code="0">http://id.worldcat.org/fast/1204155</subfield>
  </datafield>
  <datafield tag="650" ind1=" " ind2="0">
    <subfield code="a">Tax planning</subfield>
    <subfield code="z">United States.</subfield>
    <subfield code="0">http://id.loc.gov/authorities/subjects/sh2008112546</subfield>
  </datafield>
  <datafield tag="650" ind1=" " ind2="7">
    <subfield code="a">Tax planning.</subfield>
    <subfield code="2">fast</subfield>
    <subfield code="0">http://id.worldcat.org/fast/1143815</subfield>
  </datafield>
  <datafield tag="700" ind1="1" ind2=" ">
    <subfield code="a">Davies, Jonathan J.</subfield>
    <subfield code="0">http://id.loc.gov/authorities/names/n82126416</subfield>
  </datafield>
  <datafield tag="710" ind1="2" ind2=" ">
    <subfield code="a">Coopers &amp; Lybrand.</subfield>
    <subfield code="0">http://id.loc.gov/authorities/names/n79063025</subfield>
  </datafield>
  <datafield tag="740" ind1="0" ind2=" ">
    <subfield code="a">Guide to business tax strategies and planning.</subfield>
  </datafield>
  <datafield tag="740" ind1="0" ind2=" ">
    <subfield code="a">Business tax strategies and planning</subfield>
  </datafield>
  <datafield tag="740" ind1="0" ind2=" ">
    <subfield code="a">Tax strategies and planning.</subfield>
  </datafield>
  <datafield tag="902" ind1=" " ind2=" ">
    <subfield code="a">MARCIVE 2022</subfield>
  </datafield>
  <datafield tag="950" ind1=" " ind2=" ">
    <subfield code="l">LIPP</subfield>
    <subfield code="i">11/30/89 C</subfield>
  </datafield>
  <datafield tag="955" ind1=" " ind2=" ">
    <subfield code="l">LIPP</subfield>
    <subfield code="c">1</subfield>
    <subfield code="q">89-B7246-1</subfield>
    <subfield code="r">[01043 6272]</subfield>
    <subfield code="i">11/30/89 C</subfield>
  </datafield>
  <datafield tag="hld" ind1="0" ind2="0">
    <subfield code="b">Libra</subfield>
    <subfield code="c">stor</subfield>
    <subfield code="h">KF6450</subfield>
    <subfield code="i">.C59 1989</subfield>
    <subfield code="x">transferred from lipp</subfield>
    <subfield code="8">22418068440003681</subfield>
  </datafield>
  <datafield tag="itm" ind1=" " ind2=" ">
    <subfield code="r">22418068440003681</subfield>
    <subfield code="b">1</subfield>
    <subfield code="h">0</subfield>
    <subfield code="g">stor</subfield>
    <subfield code="9">31198058025532</subfield>
    <subfield code="s">R27M22S09T04</subfield>
    <subfield code="e">stor</subfield>
    <subfield code="8">23418068430003681</subfield>
    <subfield code="a">book/seria</subfield>
    <subfield code="q">2017-06-06 09:53:20 US/Eastern</subfield>
    <subfield code="i">KF6450 .C59 1989</subfield>
    <subfield code="d">Libra</subfield>
    <subfield code="f">Libra</subfield>
  </datafield>
</record>